@article{owidlifeexpectancy,
    author = {Max Roser},
    title = {Life Expectancy},
    journal = {Our World in Data},
    year = {2019},
    note = {https://ourworldindata.org/life-expectancy}
}

@article{brookmeyer2007forecasting,
  title={Forecasting the global burden of Alzheimer’s disease},
  author={Brookmeyer, Ron and Johnson, Elizabeth and Ziegler-Graham, Kathryn and Arrighi, H Michael},
  journal={Alzheimer's \& dementia},
  volume={3},
  number={3},
  pages={186--191},
  year={2007},
  publisher={Elsevier}
}

@article{wegmayr2019generative,
  title={Generative Aging of Brain MRI for early Prediction of MCI-AD Conversion},
  author={Viktor Wegmayr and Maurice Hoerold and Joachim M. Buhmann},
  journal={2019 IEEE 15th International Symposium on Biomedical Imaging (ISBI 2019)},
  year={2019 in press}
}

@inproceedings{zhu2017unpaired,
  title={Unpaired image-to-image translation using cycle-consistent adversarial networks},
  author={Zhu, Jun-Yan and Park, Taesung and Isola, Phillip and Efros, Alexei A},
  booktitle={Proceedings of the IEEE international conference on computer vision},
  pages={2223--2232},
  year={2017}
}

@inproceedings{goodfellow2014generative,
  title={Generative adversarial nets},
  author={Goodfellow, Ian and Pouget-Abadie, Jean and Mirza, Mehdi and Xu, Bing and Warde-Farley, David and Ozair, Sherjil and Courville, Aaron and Bengio, Yoshua},
  booktitle={Advances in neural information processing systems},
  pages={2672--2680},
  year={2014}
}

@article{ashburner2007fast,
  title={A fast diffeomorphic image registration algorithm},
  author={Ashburner, John},
  journal={Neuroimage},
  volume={38},
  number={1},
  pages={95--113},
  year={2007},
  publisher={Elsevier}
}

@inproceedings{arsigny2006log,
  title={A log-euclidean framework for statistics on diffeomorphisms},
  author={Arsigny, Vincent and Commowick, Olivier and Pennec, Xavier and Ayache, Nicholas},
  booktitle={International Conference on Medical Image Computing and Computer-Assisted Intervention},
  pages={924--931},
  year={2006},
  organization={Springer}
}

@article{balakrishnan2019voxelmorph,
  title={VoxelMorph: a learning framework for deformable medical image registration},
  author={Balakrishnan, Guha and Zhao, Amy and Sabuncu, Mert R and Guttag, John and Dalca, Adrian V},
  journal={IEEE transactions on medical imaging},
  year={2019},
  publisher={IEEE}
}

@inproceedings{dalca2018unsupervised,
  title={Unsupervised learning for fast probabilistic diffeomorphic registration},
  author={Dalca, Adrian V and Balakrishnan, Guha and Guttag, John and Sabuncu, Mert R},
  booktitle={International Conference on Medical Image Computing and Computer-Assisted Intervention},
  pages={729--738},
  year={2018},
  organization={Springer}
}

@article{dalca2019unsupervised,
  title={Unsupervised deep learning for Bayesian brain MRI segmentation},
  author={Dalca, Adrian V and Yu, Evan and Golland, Polina and Fischl, Bruce and Sabuncu, Mert R and Iglesias, Juan Eugenio},
  journal={arXiv preprint arXiv:1904.11319},
  year={2019}
}

@inproceedings{dong2017automatic,
  title={Automatic brain tumor detection and segmentation using U-Net based fully convolutional networks},
  author={Dong, Hao and Yang, Guang and Liu, Fangde and Mo, Yuanhan and Guo, Yike},
  booktitle={annual conference on medical image understanding and analysis},
  pages={506--517},
  year={2017},
  organization={Springer}
}

@article{kingma2013auto,
  title={Auto-encoding variational bayes},
  author={Kingma, Diederik P and Welling, Max},
  journal={arXiv preprint arXiv:1312.6114},
  year={2013}
}

@article{kingma2014adam,
  title={Adam: A method for stochastic optimization},
  author={Kingma, Diederik P and Ba, Jimmy},
  journal={arXiv preprint arXiv:1412.6980},
  year={2014}
}

@article{arjovsky2017wasserstein,
  title={Wasserstein gan},
  author={Arjovsky, Martin and Chintala, Soumith and Bottou, L{\'e}on},
  journal={arXiv preprint arXiv:1701.07875},
  year={2017}
}

@inproceedings{gulrajani2017improved,
  title={Improved training of wasserstein gans},
  author={Gulrajani, Ishaan and Ahmed, Faruk and Arjovsky, Martin and Dumoulin, Vincent and Courville, Aaron C},
  booktitle={Advances in Neural Information Processing Systems},
  pages={5767--5777},
  year={2017}
}

@inproceedings{baumgartner2018visual,
  title={Visual feature attribution using wasserstein gans},
  author={Baumgartner, Christian F and Koch, Lisa M and Can Tezcan, Kerem and Xi Ang, Jia and Konukoglu, Ender},
  booktitle={Proceedings of the IEEE Conference on Computer Vision and Pattern Recognition},
  pages={8309--8319},
  year={2018}
}

@article{jack2008alzheimer,
  title={The Alzheimer's disease neuroimaging initiative (ADNI): MRI methods},
  author={Jack Jr, Clifford R and Bernstein, Matt A and Fox, Nick C and Thompson, Paul and Alexander, Gene and Harvey, Danielle and Borowski, Bret and Britson, Paula J and L. Whitwell, Jennifer and Ward, Chadwick and others},
  journal={Journal of Magnetic Resonance Imaging: An Official Journal of the International Society for Magnetic Resonance in Medicine},
  volume={27},
  number={4},
  pages={685--691},
  year={2008},
  publisher={Wiley Online Library}
}

@article{ellis2009australian,
  title={The Australian Imaging, Biomarkers and Lifestyle (AIBL) study of aging: methodology and baseline characteristics of 1112 individuals recruited for a longitudinal study of Alzheimer's disease},
  author={Ellis, Kathryn A and Bush, Ashley I and Darby, David and De Fazio, Daniela and Foster, Jonathan and Hudson, Peter and Lautenschlager, Nicola T and Lenzo, Nat and Martins, Ralph N and Maruff, Paul and others},
  journal={International Psychogeriatrics},
  volume={21},
  number={4},
  pages={672--687},
  year={2009},
  publisher={Cambridge University Press}
}

@article{jenkinson2012fsl,
  title={Fsl},
  author={Jenkinson, Mark and Beckmann, Christian F and Behrens, Timothy EJ and Woolrich, Mark W and Smith, Stephen M},
  journal={Neuroimage},
  volume={62},
  number={2},
  pages={782--790},
  year={2012},
  publisher={Elsevier}
}

@article{smith2002fast,
  title={Fast robust automated brain extraction},
  author={Smith, Stephen M},
  journal={Human brain mapping},
  volume={17},
  number={3},
  pages={143--155},
  year={2002},
  publisher={Wiley Online Library}
}

@inproceedings{jenkinson2005bet2,
  title={BET2: MR-based estimation of brain, skull and scalp surfaces},
  author={Jenkinson, Mark and Pechaud, Mickael and Smith, Stephen and others},
  booktitle={Eleventh annual meeting of the organization for human brain mapping},
  volume={17},
  pages={167},
  year={2005},
  organization={Toronto.}
}

@article{jenkinson2001global,
  title={A global optimisation method for robust affine registration of brain images},
  author={Jenkinson, Mark and Smith, Stephen},
  journal={Medical image analysis},
  volume={5},
  number={2},
  pages={143--156},
  year={2001},
  publisher={Elsevier}
}

@article{jenkinson2002improved,
  title={Improved optimization for the robust and accurate linear registration and motion correction of brain images},
  author={Jenkinson, Mark and Bannister, Peter and Brady, Michael and Smith, Stephen},
  journal={Neuroimage},
  volume={17},
  number={2},
  pages={825--841},
  year={2002},
  publisher={Elsevier}
}

@article{zhang2001segmentation,
  title={Segmentation of brain MR images through a hidden Markov random field model and the expectation-maximization algorithm},
  author={Zhang, Yongyue and Brady, Michael and Smith, Stephen},
  journal={IEEE transactions on medical imaging},
  volume={20},
  number={1},
  pages={45--57},
  year={2001},
  publisher={Ieee}
}

@article{de2018clinically,
  title={Clinically applicable deep learning for diagnosis and referral in retinal disease},
  author={De Fauw, Jeffrey and Ledsam, Joseph R and Romera-Paredes, Bernardino and Nikolov, Stanislav and Tomasev, Nenad and Blackwell, Sam and Askham, Harry and Glorot, Xavier and O’Donoghue, Brendan and Visentin, Daniel and others},
  journal={Nature medicine},
  volume={24},
  number={9},
  pages={1342},
  year={2018},
  publisher={Nature Publishing Group}
}

@article{pathan2018predictive,
  title={Predictive Image Regression for Longitudinal Studies with Missing Data},
  author={Pathan, Sharmin and Hong, Yi},
  journal={arXiv preprint arXiv:1808.07553},
  year={2018}
}

@article{beg2005computing,
  title={Computing large deformation metric mappings via geodesic flows of diffeomorphisms},
  author={Beg, M Faisal and Miller, Michael I and Trouv{\'e}, Alain and Younes, Laurent},
  journal={International journal of computer vision},
  volume={61},
  number={2},
  pages={139--157},
  year={2005},
  publisher={Springer}
}

@inproceedings{palsson2018generative,
  title={Generative adversarial style transfer networks for face aging},
  author={Palsson, Sveinn and Agustsson, Eirikur and Timofte, Radu and Van Gool, Luc},
  booktitle={Proceedings of the IEEE Conference on Computer Vision and Pattern Recognition Workshops},
  pages={2084--2092},
  year={2018}
}

@article{mirza2014conditional,
  title={Conditional generative adversarial nets},
  author={Mirza, Mehdi and Osindero, Simon},
  journal={arXiv preprint arXiv:1411.1784},
  year={2014}
}

@article{thung2016identification,
  title={Identification of progressive mild cognitive impairment patients using incomplete longitudinal MRI scans},
  author={Thung, Kim-Han and Wee, Chong-Yaw and Yap, Pew-Thian and Shen, Dinggang},
  journal={Brain Structure and Function},
  volume={221},
  number={8},
  pages={3979--3995},
  year={2016},
  publisher={Springer}
}

@article{sun2017detection,
  title={Detection of Conversion from Mild Cognitive Impairment to Alzheimer's Disease Using Longitudinal Brain MRI},
  author={Sun, Zhuo and van de Giessen, Martijn and Lelieveldt, Boudewijn PF and Staring, Marius},
  journal={Frontiers in neuroinformatics},
  volume={11},
  pages={16},
  year={2017},
  publisher={Frontiers}
}

@article{vercauteren2009diffeomorphic,
  title={Diffeomorphic demons: Efficient non-parametric image registration},
  author={Vercauteren, Tom and Pennec, Xavier and Perchant, Aymeric and Ayache, Nicholas},
  journal={NeuroImage},
  volume={45},
  number={1},
  pages={S61--S72},
  year={2009},
  publisher={Elsevier}
}

